<?xml version="1.0" encoding="UTF-8"?><collection xmlns="http://www.loc.gov/MARC21/slim"><record><leader>00498nam--2200181-i-4500</leader><controlfield tag="001">000012715</controlfield><controlfield tag="002">20161230</controlfield><controlfield tag="005">20161230201029</controlfield><controlfield tag="008">060222s1000------------r-----000-0-rum-d</controlfield><datafield ind1=" " ind2=" " tag="041"><subfield code="a">rum</subfield></datafield><datafield ind1=" " ind2=" " tag="080"><subfield code="a">534.1/2:534.6.08</subfield></datafield><datafield ind1="1" ind2=" " tag="100"><subfield code="a">Buzdugan, Gheorghe</subfield></datafield><datafield ind1="1" ind2="0" tag="245"><subfield code="a">Masurarea vibratiilor</subfield><subfield code="c">Gheorghe buzdugan, elena mihailescu, mircea rades</subfield></datafield><datafield ind1=" " ind2=" " tag="260"><subfield code="a">Bucuresti, Editura Academiei Rsr, 1979</subfield></datafield><datafield ind1=" " ind2=" " tag="300"><subfield code="a">273 P</subfield></datafield><datafield ind1="1" ind2=" " tag="700"><subfield code="a">Rades, Mircea</subfield></datafield><datafield ind1=" " ind2=" " tag="852"><subfield code="a">46164</subfield><subfield code="c">534</subfield></datafield><datafield ind1=" " ind2=" " tag="CAT"><subfield code="a">Sys</subfield><subfield code="c">20101008</subfield><subfield code="h">113615</subfield></datafield></record></collection>